<record><leader>00000cas a22000007a 4500</leader><controlfield tag="001">16700277</controlfield><controlfield tag="008">870916d19391957inuwr ne      0    0eng d</controlfield><datafield ind1=" " ind2=" " tag="010"><subfield code="a">sn 87056653 </subfield></datafield><datafield ind1=" " ind2=" " tag="040"><subfield code="a">NPI</subfield><subfield code="b">eng</subfield><subfield code="c">NPI</subfield><subfield code="d">OCLCQ</subfield></datafield><datafield ind1=" " ind2=" " tag="042"><subfield code="a">msc</subfield></datafield><datafield ind1="0" ind2="4" tag="245"><subfield code="a">The Ellettsville journal.</subfield></datafield><datafield ind1=" " ind2=" " tag="260"><subfield code="a">Ellettsville, Ind. :</subfield><subfield code="b">Cooperative Pub. Co.,</subfield><subfield code="c">-1957.</subfield></datafield><datafield ind1=" " ind2=" " tag="310"><subfield code="a">Weekly</subfield></datafield><datafield ind1="1" ind2=" " tag="362"><subfield code="a">Began in July 1939.</subfield></datafield><datafield ind1="0" ind2=" " tag="362"><subfield code="a">-v. 18, no. 34 (Feb. 7, 1957).</subfield></datafield><datafield ind1=" " ind2=" " tag="588"><subfield code="a">Description based on: Vol. 1, no. 42 (Apr. 18, 1940).</subfield></datafield><datafield ind1=" " ind2=" " tag="752"><subfield code="a">United States</subfield><subfield code="b">Indiana</subfield><subfield code="c">Monroe</subfield><subfield code="d">Ellettsville.</subfield></datafield><datafield ind1="0" ind2="0" tag="785"><subfield code="t">Journal (Ellettsville, Ind.)</subfield><subfield code="w">(DLC)sn 87056654</subfield></datafield></record>